<?xml version="1.0" encoding="utf-8"?>
<record xmlns="http://www.loc.gov/MARC21/slim" xmlns:xsi="http://www.w3.org/2001/XMLSchema-instance" xsi:schemaLocation="http://www.loc.gov/MARC21/slim http://www.loc.gov/standards/marcxml/schema/MARC21slim.xsd">
	<leader>     nam a22     Mi 4500</leader>
	<controlfield tag="001">a21451</controlfield>
	<controlfield tag="003">aeadna</controlfield>
	<controlfield tag="006">m        d        </controlfield>
	<controlfield tag="007">cr cn |||m|||a</controlfield>
	<controlfield tag="008">220524s1948||||ua b   fo    n00  0|ara d</controlfield>
	<datafield ind1=" " ind2=" " tag="040">
		<subfield code="a">ZYU</subfield>
		<subfield code="b">ara</subfield>
		<subfield code="c">ZYU</subfield>
	</datafield>
	<datafield ind1="0" ind2=" " tag="041">
		<subfield code="a">ara</subfield>
	</datafield>
	<datafield ind1=" " ind2=" " tag="043">
		<subfield code="a">aw----</subfield>
	</datafield>
	<datafield ind1=" " ind2="4" tag="050">
		<subfield code="a">UA995 A65</subfield>
		<subfield code="b">.M57 1948</subfield>
	</datafield>
	<datafield ind1="1" ind2=" " tag="110">
		<subfield code="a">مصر. وزارة الحربية والبحرية. الجيش المصري</subfield>
	</datafield>
	<datafield ind1="1" ind2=" " tag="245">
		<subfield code="a">الجغرافيا العسكرية للشرق الاوسط</subfield>
		<subfield code="h">[electronic resource] /</subfield>
		<subfield code="c">وزارة الحربية والبحرية، الجيش المصري</subfield>
	</datafield>
	<datafield ind1=" " ind2=" " tag="260">
		<subfield code="a">القاهرة:</subfield>
		<subfield code="b">[مطبعة مصر شركة مساهمة مصرية 40 شارع نور باشا (سابقا شارع الدواوين)]،</subfield>
		<subfield code="c">1948.</subfield>
	</datafield>
	<datafield ind1=" " ind2=" " tag="300">
		<subfield code="a">online resource (380 ص.؛) :</subfield>
		<subfield code="b">خرائط؛</subfield>
	</datafield>
	<datafield ind1=" " ind2=" " tag="500">
		<subfield code="a">ورق الكتاب أصفر. مجلد. حالته المادية : جيدة.</subfield>
	</datafield>
	<datafield ind1=" " ind2=" " tag="500">
		<subfield code="a">Part of the Arabic Collections Online (ACO) project, contributed by United Arab Emirates National Archives.</subfield>
	</datafield>
	<datafield ind1=" " ind2=" " tag="504">
		<subfield code="a">ببليوغرافيا: ص5.</subfield>
	</datafield>
	<datafield ind1="0" ind2=" " tag="505">
		<subfield code="a">الكتاب في خمسة ابواب : </subfield>
		<subfield code="t">الباب الأول : العوامل الجغرافية وتأثيرها على السياسة الحربية للدولة.</subfield>
		<subfield code="g">ص11-76.- </subfield>
		<subfield code="t">الباب الثاني : جغرافية وادي النيل.</subfield>
		<subfield code="g">ص77-99.-</subfield>
		<subfield code="t">الباب الثالث: الجغرافيا العسكرية لمصر والسودان.</subfield>
		<subfield code="g">ص101-123.- </subfield>
		<subfield code="t">الباب الرابع: الجغرافيا العسكرية لدول الشرق الوسط وشمال أفريقيا.</subfield>
		<subfield code="g">ص224-277.- </subfield>
		<subfield code="t">الباب الخامس: تاريخ وجغرافية البحر البيض المتوسط.</subfield>
		<subfield code="g">ص278-380.</subfield>
	</datafield>
	<datafield ind1=" " ind2=" " tag="533">
		<subfield code="a">Electronic reproduction.</subfield>
		<subfield code="b">New York, N.Y. :</subfield>
		<subfield code="c">New York University,</subfield>
		<subfield code="d">2022.</subfield>
		<subfield code="5">NNU</subfield>
	</datafield>
	<datafield ind1=" " ind2="4" tag="650">
		<subfield code="a">الجغرافيا العسكرية</subfield>
		<subfield code="z">الشرق الأوسط</subfield>
	</datafield>
	<datafield ind1=" " ind2="4" tag="650">
		<subfield code="a">الجغرافيا العسكرية</subfield>
		<subfield code="z">العالم العربي</subfield>
	</datafield>
	<datafield ind1="2" ind2=" " tag="710">
		<subfield code="a">Abu Dhabi (United Arab Emirates).</subfield>
		<subfield code="b">National Archives.</subfield>
	</datafield>
	<datafield ind1="0" ind2=" " tag="730">
		<subfield code="a">Arabic Collections Online.</subfield>
	</datafield>
	<datafield ind1="0" ind2="8" tag="776">
		<subfield code="i">Print version:</subfield>
		<subfield code="a">مصر. وزارة الحربية والبحرية. الجيش المصري</subfield>
		<subfield code="t">الجغرافيا العسكرية للشرق الاوسط</subfield>
		<subfield code="w">(aeadna)a21451</subfield>
	</datafield>
	<datafield ind1="4" ind2="0" tag="856">
		<subfield code="u">http://hdl.handle.net/2333.1/fqz61dfd</subfield>
	</datafield>
	<datafield ind1=" " ind2=" " tag="949">
		<subfield code="a">UA995 A65 .M57 1948</subfield>
		<subfield code="w">DDC</subfield>
		<subfield code="i">30018000036308</subfield>
		<subfield code="u">10/15/2009</subfield>
		<subfield code="d">10/15/2009</subfield>
		<subfield code="n">0</subfield>
		<subfield code="t">Book</subfield>
		<subfield code="l">av</subfield>
		<subfield code="m">MAIN</subfield>
		<subfield code="x">ABK</subfield>
	</datafield>
	<datafield ind1=" " ind2=" " tag="959">
		<subfield code="a">NNU</subfield>
		<subfield code="b">WEB</subfield>
		<subfield code="c">GENI</subfield>
		<subfield code="t">0</subfield>
		<subfield code="m">Electronic access</subfield>
		<subfield code="s">01</subfield>
	</datafield>
	<datafield ind1=" " ind2=" " tag="999">
		<subfield code="i">aeadna_a21451</subfield>
		<subfield code="s">uaena_aco000108:1</subfield>
		<subfield code="e">(ERROR-880)</subfield>
	</datafield>
</record>
